@InCollection{PesaranShin1998,
  author = 	 {Pesaran, M.H. and Shin, Y.},
  title = 	 {An Autoregressive Distributed Lag Modelling Approach to Cointegration Analysis},
  booktitle = 	 {Econometrics and Economic Theory in the 20th Century: The Ragnar Frisch Centennial Symposium},
  publisher = {Cambridge University Press},
  year = 	 {1998},
  editor = 	 {Steinar Str{\o}m}
}
